@book{goodfellow2016deep,
  title={Deep Learning},
  author={Goodfellow, I. and Bengio, Y. and Courville, A. and Bach, F.},
  isbn={9780262337373},
  url={https://books.google.com/books?id=omivDQAAQBAJ},
  year={2016},
  publisher={MIT Press}
}

@book{bishop2006pattern,
  title={Pattern Recognition and Machine Learning},
  author={Bishop, C.M.},
  isbn={9780387310732},
  lccn={2006922522},
  series={Information Science and Statistics},
  url={https://books.google.com/books?id=kTNoQgAACAAJ},
  year={2006},
  publisher={Springer}
}
@book{murphy2012machine,
  title={Machine Learning: A Probabilistic Perspective},
  author={Murphy, K.P. and Bach, F.},
  isbn={9780262018029},
  lccn={2012004558},
  series={Adaptive Computation and Machi},
  url={https://books.google.com/books?id=0In7ugAACAAJ},
  year={2012},
  publisher={MIT Press}
}

@misc{bworld,
  author = {GaÃ«l Varoquaux},
  title = {{Scikit-learn tutorial: statistical-learning for sientific data processing}},
  howpublished = "\url{http://gael-varoquaux.info/scikit-learn-tutorial/}",
  year = {2010}
  }